@unpublished{Auris2013,
title = "Silbifizierung von wortinitialen Clusters: Ein quantitatives Modell in R",
year = "2013",
month = "March",
author = "Auris, Bastian",
note = "unpublished Bachelor thesis, University of Cologne"
}

@ARTICLE{Shaw2009,
  author = {Shaw,Jason A. and Gafos,Adamantios I. and Hoole,Philip and Zeroual,Chakir},
  title = {Syllabification in Moroccan Arabic: evidence from patterns of temporal
	stability in articulation},
  year = {2009},
  volume = {26},
  issue = {01},
  pages = {187--215},
  issn = {1469-8188},
  doi = {10.1017/S0952675709001754},
  url = {http://journals.cambridge.org/article_S0952675709001754},
  journal = {Phonology},
  numpages = {29}
}

@MANUAL{Rcite,
  title = {R: A Language and Environment for Statistical Computing},
  author = {{R Core Team}},
  organization = {{R Foundation for Statistical Computing}},
  address = {Vienna, Austria},
  date = {2013},
  note = {{ISBN} 3-900051-07-0},
  url = {http://www.R-project.org/},
  urldate = {2013-03-18},
}

@ARTICLE{Shaw2011,
  author = {Shaw,Jason A. and Gafos,Adamantios I. and Hoole,Philip and Zeroual,Chakir},
  title = {Dynamic invariance in the phonetic expression of syllable structure:
	a case study of Moroccan Arabic consonant clusters},
  year = {2011},
  volume = {28},
  issue = {03},
  pages = {455--490},
  issn = {1469-8188},
  doi = {10.1017/S0952675711000224},
  url = {http://journals.cambridge.org/article_S0952675711000224},
  journal = {Phonology},
  numpages = {36},
}

@INPROCEEDINGS{Shaw2010,
   author = {Shaw,Jason A. and Gafos,Adamantios I.},
   title = {Quantitative evaluation of competing syllable parses},
   booktitle = {{Proceedings of the 11th Meeting of ACL Special Interest Group in Computational Morphology and Phonology, Uppsala, Sweden}},
   shorttitle = {{ACL SIGMORPHON-11}},
   year = {2010},
}

@ARTICLE{Browman1988,
  author = {C. P. Browman and L. Goldstein},
  title = {Some Notes on Syllable Structure in Articulatory Phonology},
  year = {1988},
  volume = {45},
  pages = {140-155},
  doi = {10.1159/000261823},
  journal = {Phonetica},
  owner = {bastian},
  timestamp = {2013.02.26}
}

@BOOK{Sarkar2008,
  author = {Deepayan Sarkar},
  title = {Lattice: Multivariate Data Visualization with {R}},
  year = {2008},
  publisher = {Springer},
  isbn = {978-0-387-75968-5},
  url = {http://lmdvr.r-forge.r-project.org},
  urldate = {2013-03-18},
  address = {New York}
}

